@book{adler10,
  author={Adler, J.},
  year={2010},
  title={R in a Nutshell},
  place={Sebastopol, CA},
  publisher={O'Reilly} }

@book{baay08,
  place={Cambridge},
  title={Analyzing Linguistic Data: A Practical Introduction to Statistics Using {R}},
  publisher={Cambridge University Press},
  author={Baayen, R. H.},
  year={2008} }

@article{BDB08,
  title={Mixed-effects modeling with crossed random effects for subjects and items},
  volume={59},
  number={4},
  journal={Journal of Memory and Language},
  author={Baayen, R. H. and Davidson, D. J. and Bates, Douglas M.},
  year={2008},
  pages={390-–412} }

@book{HMS18,
  place={New York and London},
  edition={3rd},
  title={Multilevel Analysis: Techniques and Applications},
  publisher={Routledge},
  author={Hox, Joop J. and Moerbeek, Mirjam and Van de Schoot, Rens},
  year={2018} }

@book{john08,
  place={Malden, MA},
  title={Quantitative Methods in Linguistics},
  publisher={Blackwell},
  author={Johnson, Keith},
  year={2008} }

@book{MMC03,
  place={New York},
  edition={4th},
  title={Introduction to the Practice of Statistics},
  publisher={Freeman},
  author={Moore, David S. and McCabe, George P.},
  year={2003} }

@article{pete52,
	title = {Control methods in a study of the vowels},
	volume = {24},
	number = {2},
	year = {1952},
	journal = {Journal of the Acoustical Society of America},
	author = {Peterson, G.E. and Barney, H.L.},
	pages = {175--184} }

@article{QB04,
  title={On Multi-Level Modeling of data from repeated measures designs: A tutorial.},
  volume={43}, number={1--2},
  journal={Speech Communication},
  author={Quené, Hugo and Van den Bergh, Huub},
  year={2004}, pages={103--121} }

@article{QB08,
  title={Examples of mixed-effects modeling with crossed random effects and with binomial data},
  volume={59},
  number={4},
  journal={Journal of Memory and Language},
  author={Quené, Hugo and Van den Bergh, Huub},
  year={2008},
  pages={413--425} }

@book{tukey77,
  title={Exploratory Data Analysis},
  ISBN={0-201-07616-0},
  place={Reading, MA},
  publisher={Addison-Wesley},
  author={Tukey, John W.},
  year={1977} }

@book{VR02,
  place={Berlin},
  edition={4th},
  title={Modern Applied Statistics with S},
  publisher={Springer},
  author={Venables, W.N. and Ripley, B.D.},
  year={2002} }

@Article{tidy19,
    title = {Welcome to the {tidyverse}},
    author = {Hadley Wickham and Mara Averick and Jennifer Bryan and Winston Chang and Lucy D'Agostino McGowan and Romain François and Garrett Grolemund and Alex Hayes and Lionel Henry and Jim Hester and Max Kuhn and Thomas Lin Pedersen and Evan Miller and Stephan Milton Bache and Kirill Müller and Jeroen Ooms and David Robinson and Dana Paige Seidel and Vitalie Spinu and Kohske Takahashi and Davis Vaughan and Claus Wilke and Kara Woo and Hiroaki Yutani},
    year = {2019},
    journal = {Journal of Open Source Software},
    volume = {4},
    number = {43},
    pages = {1686},
    doi = {10.21105/joss.01686},
  }

@article{wilk73,
  title={Symbolic Description of Factorial Models for Analysis of Variance},
  volume={22},
  number={3},
  journal={Journal of the Royal Statistical Society. Series C (Applied Statistics)},
  author={Wilkinson, G. N. and Rogers, C. E.},
  year={1973},
  pages={392-–399} }

